@article{bhadani2018cat,
  title={{The CAT Vehicle Testbed: A Simulator with Hardware 
  in the Loop for Autonomous Vehicle Applications}},
  author={Bhadani, Rahul and Sprinkle, Jonathan and Bunting, Matthew},
  journal={{Proceedings of 2nd International Workshop on Safe Control of Autonomous Vehicles
  (SCAV 2018), Porto, Portugal, 10th April 2018, Electronic Proceedings
  in Theoretical Computer Science 269, pp. 32–47}},
year={2018}
}
@article{gunter2019ACC,
  title={Are commercially implemented adaptive cruise
control systems string stable?},
  author={Gunter, George and Gloudemans, Derek and Stern, Raphael and McQuade, Sean and Bhadani, Rahul and Bunting, Matt, Delle Monache, Maria
Laura and Lysecky, Roman and Seibold, Benjamin and Sprinkle, Jonathan and Piccoli, Benedetto and Work, Daniel},
  journal={IEEE Transactions on Control Systems Technology, 2019},
  year={2019},
  publisher={IEEE}
}
@article{jin2018experimental,
  title={Experimental validation of connected automated vehicle design among human-driven vehicles},
  author={Jin, I Ge and Avedisov, Sergei S and He, Chaozhe R and Qin, Wubing B and Sadeghpour, Mehdi and Orosz, G{\'a}bor},
  journal={Transportation research part C: emerging technologies},
  volume={91},
  pages={335--352},
  year={2018},
  publisher={Elsevier}
}
@article{wu2017flow,
  title={Flow: Architecture and benchmarking for reinforcement learning in traffic control},
  author={Wu, Cathy and Kreidieh, Aboudy and Parvate, Kanaad and Vinitsky, Eugene and Bayen, Alexandre M},
  journal={arXiv preprint arXiv:1710.05465},
  year={2017}
}
@inproceedings{wu2017emergent,
  title={Emergent behaviors in mixed-autonomy traffic},
  author={Wu, Cathy and Kreidieh, Aboudy and Vinitsky, Eugene and Bayen, Alexandre M},
  booktitle={Conference on Robot Learning},
  pages={398--407},
  year={2017}
}
@article{wu2019tracking,
  title={Tracking vehicle trajectories and fuel rates in phantom traffic jams: Methodology and data},
  author={Wu, Fangyu and Stern, Raphael E and Cui, Shumo and Delle Monache, Maria Laura and Bhadani, Rahul and Bunting, Matt and Churchill, Miles and Hamilton, Nathaniel and Piccoli, Benedetto and Seibold, Benjamin and others},
  journal={Transportation Research Part C: Emerging Technologies},
  volume={99},
  pages={82--109},
  year={2019},
  publisher={Elsevier}
}

@article{benekohal1988carsim,
  title={{CARSIM: Car-following model for simulation of traffic in normal and stop-and-go conditions}},
  author={Benekohal, RF and Treiterer, Joseph},
  journal={Transportation research record},
  volume={1194},
  pages={99--111},
  year={1988},
  publisher={Transportation Research Board, National Research Council, National Academy~…}
}

@inproceedings{behrisch2011sumo,
  title={{SUMO--simulation of urban mobility: an overview}},
  author={Behrisch, Michael and Bieker, Laura and Erdmann, Jakob and Krajzewicz, Daniel},
  booktitle={Proceedings of SIMUL 2011, The Third International Conference on Advances in System Simulation},
  year={2011},
  organization={ThinkMind}
}
@inproceedings{ali2017evaluation,
  title={{Evaluation and development the routing protocol of a fully functional simulation environment for VANETs}},
  author={Ali, Azhar Tareq and Warip, Mohd Nazri Mohd and Yaakob, Naimah and Abduljabbar, Waleed Khalid and Atta, Abdu Mohammed Ali},
  booktitle={AIP Conference Proceedings},
  volume={1905},
  number={1},
  pages={040006},
  year={2017},
  organization={AIP Publishing}
}
@article{kotusevski2009review,
  title={{A review of traffic simulation software}},
  author={Kotusevski, G and Hawick, KA},
  year={2009},
  publisher={Massey University}
}

@book{sanders2016introduction,
  title={{An Introduction to Unreal Engine 4}},
  author={Sanders, Andrew},
  year={2016},
  publisher={AK Peters/CRC Press}
}

@inproceedings{shah2018airsim,
  title={{Airsim: High-fidelity visual and physical simulation for autonomous vehicles}},
  author={Shah, Shital and Dey, Debadeepta and Lovett, Chris and Kapoor, Ashish},
  booktitle={Field and service robotics},
  pages={621--635},
  year={2018},
  organization={Springer}
}
@article{dosovitskiy2017carla,
  title={{CARLA: An open urban driving simulator}},
  author={Dosovitskiy, Alexey and Ros, German and Codevilla, Felipe and Lopez, Antonio and Koltun, Vladlen},
  journal={arXiv preprint arXiv:1711.03938},
  year={2017}
}
@inproceedings{quigley2009ros,
  title={{ROS: an open-source Robot Operating System}},
  author={Quigley, Morgan and Conley, Ken and Gerkey, Brian and Faust, Josh and Foote, Tully and Leibs, Jeremy and Wheeler, Rob and Ng, Andrew Y},
  booktitle={ICRA workshop on open source software},
  volume={3},
  number={3.2},
  pages={5},
  year={2009},
  organization={Kobe, Japan}
}

@inproceedings{koenig2004design,
  title={Design and use paradigms for gazebo, an open-source multi-robot simulator},
  author={Koenig, Nathan and Howard, Andrew},
  booktitle={2004 IEEE/RSJ International Conference on Intelligent Robots and Systems (IROS)(IEEE Cat. No. 04CH37566)},
  volume={3},
  pages={2149--2154},
  year={2004},
  organization={IEEE}
}





@article{Weisstein,
abstract = {The divergence theorem, more commonly known especially in older literature as Gauss's theorem (e.g., Arfken 1985) and also known as the Gauss-Ostrogradsky theorem, is a theorem in vector calculus that can be stated as follows. Let V be a region in space with boundary partialV. Then the volume integral of the divergence del {\textperiodcentered}F of F over V and the surface integral of F over the boundary partialV of V are related by  int{\_}V(del {\textperiodcentered}F)dV=int{\_}(partialV)F{\textperiodcentered}da.  (1)   The divergence...},
author = {Weisstein, Eric W.},
keywords = {15,15A72,Mathematics:Algebra:Vector Algebra},
publisher = {Wolfram Research, Inc.},
title = {{Divergence Theorem}},
url = {http://mathworld.wolfram.com/DivergenceTheorem.html}
}
@inproceedings{cignoni2008meshlab,
  title={{Meshlab: an open-source mesh processing tool.}},
  author={Cignoni, Paolo and Callieri, Marco and Corsini, Massimiliano and Dellepiane, Matteo and Ganovelli, Fabio and Ranzuglia, Guido},
  booktitle={Eurographics Italian chapter conference},
  volume={2008},
  pages={129--136},
  year={2008}
}
@book{hess2007essential,
  title={{The essential Blender: guide to 3D creation with the open source suite Blender}},
  author={Hess, Roland},
  year={2007},
  publisher={No Starch Press}
}
@book{lombard2008solidworks,
  title={{SolidWorks 2007 Bible}},
  author={Lombard, Matt},
  volume={529},
  year={2008},
  publisher={John Wiley \& Sons}
}
@article{sztipanovits1997model,
  title={Model-integrated computing},
  author={Sztipanovits, Janos and Karsai, Gabor},
  journal={Computer},
  volume={30},
  number={4},
  pages={110--111},
  year={1997},
  publisher={IEEE}
}
@inproceedings{karsai2003metamodel,
  title={A metamodel-driven MDA process and its tools},
  author={Karsai, Gabor and Agrawal, Aditya and Ledeczi, Akos},
  booktitle={Workshop in Software Model Engineering},
  pages={145--164},
  year={2003}
}
@inproceedings{giese2007model,
  title={Model-based engineering of embedded real-time systems},
  author={Giese, Holger and Karsai, Gabor and Lee, Edward and Rumpe, Bernhard and Sch{\"a}tz, Bernhard},
  booktitle={Dagstuhl Seminar Proceedings},
  volume={7451},
  pages={5--9},
  year={2007}
}
@book{tiller2012introduction,
  title={Introduction to physical modeling with Modelica},
  author={Tiller, Michael},
  volume={615},
  year={2012},
  publisher={Springer Science \& Business Media}
}
@book{quatrani2002visual,
  title={{Visual modeling with rational rose 2002 and UML}},
  author={Quatrani, Terry},
  year={2002},
  publisher={Addison-Wesley Longman Publishing Co., Inc.}
}
@inproceedings{schranz2018modelling,
  title={{Modelling a CPS Swarm System: A Simple Case Study.},
  author={Schranz, Melanie and Bagnato, Alessandra and Brosse, Etienne and Elmenreich, Wilfried}},
  booktitle={MODELSWARD},
  pages={615--624},
  year={2018}
}

@book{steinberg2008emf,
  title={{EMF: eclipse modeling framework}},
  author={Steinberg, Dave and Budinsky, Frank and Merks, Ed and Paternostro, Marcelo},
  year={2008},
  publisher={Pearson Education}
}
@inproceedings{davis2003gme,
  title={{GME: the generic modeling environment}},
  author={Davis, James},
  booktitle={Companion of the 18th annual ACM SIGPLAN conference on Object-oriented programming, systems, languages, and applications},
  pages={82--83},
  year={2003},
  organization={ACM}
}

@book{klee2018simulation,
  title={Simulation of dynamic systems with MATLAB{\textregistered} and Simulink{\textregistered}},
  author={Klee, Harold and Allen, Randal},
  year={2018},
  publisher={Crc Press}
}

@article{maroti2014online,
  title={Online collaborative environment for designing complex computational systems},
  author={Mar{\'o}ti, Mikl{\'o}s and Keresk{\'e}nyi, R{\'o}bert and Kecsk{\'e}s, Tam{\'a}s and V{\"o}lgyesi, P{\'e}ter and L{\'e}deczi, Akos},
  journal={Procedia Computer Science},
  volume={29},
  pages={2432--2441},
  year={2014},
  publisher={Elsevier}
}

@article{smith2005open,
  title={Open dynamics engine},
  author={Smith, Russell and others},
  year={2005}
}

@inproceedings{kunze2011towards,
  title={Towards semantic robot description languages},
  author={Kunze, Lars and Roehm, Tobias and Beetz, Michael},
  booktitle={2011 IEEE International Conference on Robotics and Automation},
  pages={5589--5595},
  year={2011},
  organization={IEEE}
}

@article{stern2018dissipation,
  title={Dissipation of stop-and-go waves via control of autonomous vehicles: Field experiments},
  author={Stern, Raphael E and Cui, Shumo and Delle Monache, Maria Laura and Bhadani, Rahul and Bunting, Matt and Churchill, Miles and Hamilton, Nathaniel and Pohlmann, Hannah and Wu, Fangyu and Piccoli, Benedetto and others},
  journal={Transportation Research Part C: Emerging Technologies},
  volume={89},
  pages={205--221},
  year={2018},
  publisher={Elsevier Limited}
}

@inproceedings{kato2018autoware,
  title={Autoware on board: Enabling autonomous vehicles with embedded systems},
  author={Kato, Shinpei and Tokunaga, Shota and Maruyama, Yuya and Maeda, Seiya and Hirabayashi, Manato and Kitsukawa, Yuki and Monrroy, Abraham and Ando, Tomohito and Fujii, Yusuke and Azumi, Takuya},
  booktitle={2018 ACM/IEEE 9th International Conference on Cyber-Physical Systems (ICCPS)},
  pages={287--296},
  year={2018},
  organization={IEEE}
}

@article{vali2018evaluation,
  title={Evaluation of multiple lidar placement on a self-driving car in Autoware},
  author={V{\"a}li, Mihkel and Ernits, Juhan-Peep},
  year={2018}
}

@inproceedings{lee2017attack,
  title={Attack-aware multi-sensor integration algorithm for autonomous vehicle navigation systems},
  author={Lee, Sangjun and Cho, Yongbum and Min, Byung-Cheol},
  booktitle={2017 IEEE International Conference on Systems, Man, and Cybernetics (SMC)},
  pages={3739--3744},
  year={2017},
  organization={IEEE}
}

@inproceedings{haque2014mobile,
  title={A mobile interface designed for safety verification of autonomous vehicle trajectories},
  author={Haque, Tarif and De Los Santos, Joanna and Lam, Duc},
  booktitle={ACM Mid-Southeast Conference},
  pages={1--4},
  year={2014},
  organization={ACM}
}
@article{bentley2019pseudo,
  title={A Pseudo-Derivative Method for Sliding Window Path Mapping in Robotics-Based Image Processing},
  author={Bentley, Landon and MacInnes, Joe and Bhadani, Rahul and Bose, Tamal},
  journal={Tucson, Arizona: CAT Vehicle Research Experience for Undergraduates},
  year={2019}
}
@inproceedings{morley2013generating,
  title={Generating a ROS/JAUS bridge for an autonomous ground vehicle},
  author={Morley, Patrick and Warren, Alex and Rabb, Ethan and Whitsitt, Sean and Bunting, Matt and Sprinkle, Jonathan},
  booktitle={Proceedings of the 2013 ACM workshop on Domain-specific modeling},
  pages={13--18},
  year={2013},
  organization={ACM}
}

@inproceedings{olson2017fuzzy,
  title={Fuzzy control of an autonomous car using a smart phone},
  author={Olson, Elizabeth A and Risso, Nathalie and Johnson, Adam M and Sprinkle, Jonathan},
  booktitle={2017 CHILEAN Conference on Electrical, Electronics Engineering, Information and Communication Technologies (CHILECON)},
  pages={1--6},
  year={2017},
  organization={IEEE}
}
@inproceedings{mckeever2015experience,
  title={Experience report: constraint-based modeling of autonomous vehicle trajectories},
  author={McKeever, Kennon and Zeleke, Yegeta and Bunting, Matt and Sprinkle, Jonathan},
  booktitle={Proceedings of the Workshop on Domain-Specific Modeling},
  pages={17--22},
  year={2015},
  organization={ACM}
}
@phdthesis{stern2018impacts,
  title={Impacts of vehicle automation on traffic flow stability},
  author={Stern, Raphael Ephraim},
  year={2018},
  school={University of Illinois at Urbana-Champaign}
}



@inproceedings{ahamed2018software,
  title={Software-in-the-Loop Modeling and Simulation Framework for Autonomous Vehicles},
  author={Ahamed, Mohamed Fasil Syed and Tewolde, Girma and Kwon, Jaerock},
  booktitle={2018 IEEE International Conference on Electro/Information Technology (EIT)},
  pages={0305--0310},
  year={2018},
  organization={IEEE}
}
@inproceedings{chen2018autonomous,
  title={Autonomous Vehicle Testing and Validation Platform: Integrated Simulation System with Hardware in the Loop},
  author={Chen, Yu and Chen, Shitao and Zhang, Tangyike and Zhang, Songyi and Zheng, Nanning},
  booktitle={2018 IEEE Intelligent Vehicles Symposium (IV)},
  pages={949--956},
  year={2018},
  organization={IEEE}
}
@techreport{alzu2019autonomous,
  title={Autonomous Driving Development Rapid Prototyping Using ROS and Simulink},
  author={Alzu'bi, Hamzeh and Nagaraj, Sarika and Alrousan, Qusay and Quail, Alanna},
  year={2019},
  institution={SAE Technical Paper}
}
@article{klawtanong2019dissipation,
  title={Dissipation of traffic congestion using agent-based car-following model with modified optimal velocity},
  author={Klawtanong, Manit and Limkumnerd, Surachate},
  journal={arXiv preprint arXiv:1901.06058},
  year={2019}
}

@phdthesis{xu2018learning,
  title={A Learning based Adaptive Cruise and Lane Control System},
  author={Xu, Peng},
  year={2018},
  school={Case Western Reserve University}
}

@phdthesis{baber2006rigid,
  title={Rigid body simulation},
  author={Baber, Rahil},
  year={2006},
  school={University of Warwick}
}
